@article{stix2010,
  title={Doping für das Gehirn},
  author={Gary Stix},
  journal={Spektrum der Wissenschaft},
  volume={265},
  number={1},
  pages={46--54},
  year={2010},
  publisher={Spektrum}
}
@book{buhring2009,
  title={Praxis-Lehrbuch der modernen Heilpflanzenkunde},
  author={Ursel Bühring},
  pages={123--124},
  year={2009},
  publisher={Haug}
}
@manual{karl2005,
  title={Wegleitung zur Zucht von Wandschränken},
  year={2005},
  author{Karlheinz Baum},
  publisher{Kesselverlag}
}